@article{doe95,
author="Jane Doe",
title="Another Article",
journal="Journal of Journaling",
year="1995"
}
@book{smith99,
author="John Smith",
title="Writing nicely",
publisher="Incredible Books Inc",
year="1999"
}